<?xml version="1.0" encoding="UTF-8"?><collection xmlns="http://www.loc.gov/MARC21/slim"><record><leader>00360nam--2200133-i-4500</leader><controlfield tag="001">000025012</controlfield><controlfield tag="002">20161230</controlfield><controlfield tag="005">20161230201035</controlfield><controlfield tag="008">060222s1000------------r-----000-0-eng-d</controlfield><datafield ind1=" " ind2=" " tag="080"><subfield code="a">621.3(083.7)</subfield></datafield><datafield ind1=" " ind2=" " tag="245"><subfield code="a">Electronic engineer s reference book.second edition</subfield></datafield><datafield ind1=" " ind2=" " tag="260"><subfield code="a">London, Heywood And Company Ltd., 1959. 1588p</subfield></datafield><datafield ind1=" " ind2=" " tag="700"><subfield code="a">Hughes, I.E.C</subfield></datafield><datafield ind1=" " ind2=" " tag="852"><subfield code="a">76955</subfield></datafield></record></collection>